% Encoding: UTF-8

@article{morlighem2017bedmachine,
	title={BedMachine v3: Complete bed topography and ocean bathymetry mapping of Greenland from multibeam echo sounding combined with mass conservation},
	author={Morlighem, Mathieu and Williams, Chris N and Rignot, Eric and An, Lu and Arndt, Jan Erik and Bamber, Jonathan L and Catania, Ginny and Chauch{\'e}, Nolwenn and Dowdeswell, Julian A and Dorschel, Boris and others},
	journal={Geophysical research letters},
	volume={44},
	number={21},
	pages={11--051},
	year={2017},
	publisher={Wiley Online Library}
}
@article{haywood2011pliocene,
	title={Pliocene Model Intercomparison Project (PlioMIP): experimental design and boundary conditions (experiment 2)},
	author={Haywood, AM and Dowsett, Harry J and Robinson, Marci M and Stoll, Danielle K and Dolan, AM and Lunt, DJ and Otto-Bliesner, B and Chandler, MA},
	journal={Geoscientific Model Development},
	volume={4},
	number={3},
	pages={571--577},
	year={2011},
	publisher={Copernicus GmbH}
}
@article{schoof2007ice,
	title={Ice sheet grounding line dynamics: Steady states, stability, and hysteresis},
	author={Schoof, Christian},
	journal={Journal of Geophysical Research: Earth Surface},
	volume={112},
	number={F3},
	year={2007},
	publisher={Wiley Online Library}
}
@article{brunt2010mapping,
	title={Mapping the grounding zone of the Ross Ice Shelf, Antarctica, using ICESat laser altimetry},
	author={Brunt, Kelly M and Fricker, Helen A and Padman, Laurie and Scambos, Ted A and Oâ€™Neel, Shad},
	journal={Annals of Glaciology},
	volume={51},
	number={55},
	pages={71--79},
	year={2010},
	publisher={Cambridge University Press}
}
@article{pritchard2012antarctic,
	title={Antarctic ice-sheet loss driven by basal melting of ice shelves},
	author={Pritchard, HDx and Ligtenberg, Stefan RM and Fricker, Helen A and Vaughan, David G and van den Broeke, Michiel R and Padman, Laurence},
	journal={Nature},
	volume={484},
	number={7395},
	pages={502--505},
	year={2012},
	publisher={Nature Publishing Group}
}
@article{fricker2009mapping,
	title={Mapping the grounding zone of the Amery Ice Shelf, East Antarctica using InSAR, MODIS and ICESat},
	author={Fricker, Helen Amanda and Coleman, Richard and Padman, Laurie and Scambos, Ted A and Bohlander, Jennifer and Brunt, Kelly M},
	journal={Antarctic Science},
	volume={21},
	number={5},
	pages={515--532},
	year={2009},
	publisher={Cambridge University Press}
}
@article{rignot2013ice,
	title={Ice-shelf melting around Antarctica},
	author={Rignot, Eric and Jacobs, S and Mouginot, Jeremie and Scheuchl, B},
	journal={Science},
	volume={341},
	number={6143},
	pages={266--270},
	year={2013},
	publisher={American Association for the Advancement of Science}
}
@article{livingstone2012antarctic,
	title={Antarctic palaeo-ice streams},
	author={Livingstone, Stephen J and Cofaigh, Colm {\'O} and Stokes, Chris R and Hillenbrand, Claus-Dieter and Vieli, Andreas and Jamieson, Stewart SR},
	journal={Earth-Science Reviews},
	volume={111},
	number={1-2},
	pages={90--128},
	year={2012},
	publisher={Elsevier}
}
@article{scambos2009ice,
	title={Ice shelf disintegration by plate bending and hydro-fracture: Satellite observations and model results of the 2008 Wilkins ice shelf break-ups},
	author={Scambos, Ted and Fricker, Helen Amanda and Liu, Cheng-Chien and Bohlander, Jennifer and Fastook, James and Sargent, Aitbala and Massom, Robert and Wu, An-Ming},
	journal={Earth and Planetary Science Letters},
	volume={280},
	number={1-4},
	pages={51--60},
	year={2009},
	publisher={Elsevier}
}
@article{cook2010overview,
	title={Overview of areal changes of the ice shelves on the Antarctic Peninsula over the past 50 years},
	author={Cook, Alison J and Vaughan, David G},
	journal={The cryosphere},
	volume={4},
	number={1},
	pages={77--98},
	year={2010},
	publisher={Copernicus GmbH}
}
@article{pritchard2007widespread,
	title={Widespread acceleration of tidewater glaciers on the Antarctic Peninsula},
	author={Pritchard, Hamish D and Vaughan, David G},
	journal={Journal of Geophysical Research: Earth Surface},
	volume={112},
	number={F3},
	year={2007},
	publisher={Wiley Online Library}
}
@article{rignot2004accelerated,
	title={Accelerated ice discharge from the Antarctic Peninsula following the collapse of Larsen B ice shelf},
	author={Rignot, Eric and Casassa, G and Gogineni, P and Krabill, W and Rivera, AU and Thomas, R},
	journal={Geophysical research letters},
	volume={31},
	number={18},
	year={2004},
	publisher={Wiley Online Library}
}
@article{lythe2001bedmap,
	title={BEDMAP: A new ice thickness and subglacial topographic model of Antarctica},
	author={Lythe, Matthew B and Vaughan, David G},
	journal={Journal of Geophysical Research: Solid Earth},
	volume={106},
	number={B6},
	pages={11335--11351},
	year={2001},
	publisher={Wiley Online Library}
}
@article{bamber2009reassessment,
	title={Reassessment of the potential sea-level rise from a collapse of the West Antarctic Ice Sheet},
	author={Bamber, Jonathan L and Riva, Riccardo EM and Vermeersen, Bert LA and LeBrocq, Anne M},
	journal={science},
	volume={324},
	number={5929},
	pages={901--903},
	year={2009},
	publisher={American Association for the Advancement of Science}
}
@article{mercer1978west,
	title={West Antarctic ice sheet and CO2 greenhouse effect: a threat of disaster},
	author={Mercer, John Hainsworth},
	journal={Nature},
	volume={271},
	number={5643},
	pages={321--325},
	year={1978},
	publisher={Nature Publishing Group}
}
@article{rignot2011antarctic,
	title={Antarctic grounding line mapping from differential satellite radar interferometry},
	author={Rignot, Eric and Mouginot, Jeremie and Scheuchl, B},
	journal={Geophysical Research Letters},
	volume={38},
	number={10},
	year={2011},
	publisher={Wiley Online Library}
}
@article{durand2009full,
	title={Full Stokes modeling of marine ice sheets: influence of the grid size},
	author={Durand, Gael and Gagliardini, Olivier and Zwinger, Thomas and Le Meur, Emmanuel and Hindmarsh, Richard CA},
	journal={Annals of Glaciology},
	volume={50},
	number={52},
	pages={109--114},
	year={2009},
	publisher={Cambridge University Press}
}
@article{weertman1974stability,
	title={Stability of the junction of an ice sheet and an ice shelf},
	author={Weertman, Johannes},
	journal={Journal of Glaciology},
	volume={13},
	number={67},
	pages={3--11},
	year={1974},
	publisher={Cambridge University Press}
}
@article{schoof2007marine,
	title={Marine ice-sheet dynamics. Part 1. The case of rapid sliding},
	author={Schoof, Christian},
	journal={Journal of Fluid Mechanics},
	volume={573},
	pages={27--55},
	year={2007},
	publisher={Cambridge University Press}
}
@article{vieli2005assessing,
	title={Assessing the ability of numerical ice sheet models to simulate grounding line migration},
	author={Vieli, Andreas and Payne, Antony J},
	journal={Journal of Geophysical Research: Earth Surface},
	volume={110},
	number={F1},
	year={2005},
	publisher={Wiley Online Library}
}
@article{van1985response,
	title={Response of a marine ice sheet to changes at the grounding line},
	author={Van der Veen, CJ},
	journal={Quaternary Research},
	volume={24},
	number={3},
	pages={257--267},
	year={1985},
	publisher={Cambridge University Press}
}
@article{hindmarsh1996stability,
	title={Stability of ice rises and uncoupled marine ice sheets},
	author={Hindmarsh, RCA},
	journal={Annals of Glaciology},
	volume={23},
	pages={105--115},
	year={1996},
	publisher={Cambridge University Press}
}
@article{chugunov1996modelling,
	title={Modelling of a marine glacier and ice-sheet-ice-shelf transition zone based on asymptotic analysis},
	author={Chugunov, Vladimir A and Wilchinsky, Alexander V},
	journal={Annals of Glaciology},
	volume={23},
	pages={59--67},
	year={1996},
	publisher={Cambridge University Press}
}
@article{durand2009marine,
	title={Marine ice sheet dynamics: Hysteresis and neutral equilibrium},
	author={Durand, Ga{\"e}l and Gagliardini, Olivier and De Fleurian, B and Zwinger, T and Le Meur, Emmanuel},
	journal={Journal of Geophysical Research: Earth Surface},
	volume={114},
	number={F3},
	year={2009},
	publisher={Wiley Online Library}
}
@article{zhang2017comparison,
	title={A comparison of two Stokes ice sheet models applied to the Marine Ice Sheet Model Intercomparison Project for plan view models (MISMIP3d)},
	author={Zhang, Tong and Price, Stephen and Ju, Lili and Leng, Wei and Brondex, Julien and Durand, Ga{\"e}l and Gagliardini, Olivier},
	journal={The Cryosphere},
	volume={11},
	number={1},
	pages={179--190},
	year={2017},
	publisher={Copernicus GmbH}
}
@article{leng2012parallel,
	title={A parallel high-order accurate finite element nonlinear Stokes ice sheet model and benchmark experiments},
	author={Leng, Wei and Ju, Lili and Gunzburger, Max and Price, Stephen and Ringler, Todd},
	journal={Journal of Geophysical Research: Earth Surface},
	volume={117},
	number={F1},
	year={2012},
	publisher={Wiley Online Library}
}
@article{gagliardini2013capabilities,
	title={Capabilities and performance of Elmer/Ice, a new-generation ice sheet model},
	author={Gagliardini, O and Zwinger, T and Gillet-Chaulet, F and Durand, G and Favier, L and De Fleurian, B and Greve, R and Malinen, M and Mart{\'\i}n, C and R{\aa}back, P and others},
	journal={Geoscientific Model Development},
	volume={6},
	number={4},
	pages={1299--1318},
	year={2013},
	publisher={Copernicus GmbH}
}
@article{bamber2001new,
	title={A new ice thickness and bed data set for the Greenland ice sheet: 1. Measurement, data reduction, and errors},
	author={Bamber, Jonathan L and Layberry, Russell L and Gogineni, SP},
	journal={Journal of Geophysical Research: Atmospheres},
	volume={106},
	number={D24},
	pages={33773--33780},
	year={2001},
	publisher={Wiley Online Library}
}
@article{allison2009ice,
	title={Ice sheet mass balance and sea level},
	author={Allison, Ian and Alley, RB and Fricker, HA and Thomas, RH and Warner, RC},
	journal={Antarctic Science},
	volume={21},
	number={5},
	pages={413--426},
	year={2009},
	publisher={Cambridge University Press}
}
@article{larour2012continental,
	title={Continental scale, high order, high spatial resolution, ice sheet modeling using the Ice Sheet System Model (ISSM)},
	author={Larour, Eric and Seroussi, Helene and Morlighem, Mathieu and Rignot, Eric},
	journal={Journal of Geophysical Research: Earth Surface},
	volume={117},
	number={F1},
	year={2012},
	publisher={Wiley Online Library}
}
@article{courant1967partial,
	title={On the partial difference equations of mathematical physics},
	author={Courant, Richard and Friedrichs, Kurt and Lewy, Hans},
	journal={IBM journal of Research and Development},
	volume={11},
	number={2},
	pages={215--234},
	year={1967},
	publisher={IBM}
}
@article{parizek2010implications,
	title={Implications of initial conditions and ice--ocean coupling for grounding-line evolution},
	author={Parizek, Byron R and Walker, Ryan T},
	journal={Earth and Planetary Science Letters},
	volume={300},
	number={3-4},
	pages={351--358},
	year={2010},
	publisher={Elsevier}
}
@article{clark2015recent,
	title={Recent progress in understanding and projecting regional and global mean sea level change},
	author={Clark, Peter U and Church, John A and Gregory, Jonathan M and Payne, Anthony J},
	journal={Current Climate Change Reports},
	volume={1},
	number={4},
	pages={224--246},
	year={2015},
	publisher={Springer}
}
@article{goldberg2018representing,
	title={Representing grounding line migration in synchronous coupling between a marine ice sheet model and a z-coordinate ocean model},
	author={Goldberg, DN and Snow, Kate and Holland, Paul and Jordan, JR and Campin, J-M and Heimbach, Patrick and Arthern, Robert and Jenkins, Adrian},
	journal={Ocean Modelling},
	volume={125},
	pages={45--60},
	year={2018},
	publisher={Elsevier}
}
@article{konrad2018net,
	title={Net retreat of Antarctic glacier grounding lines},
	author={Konrad, Hannes and Shepherd, Andrew and Gilbert, Lin and Hogg, Anna E and McMillan, Malcolm and Muir, Alan and Slater, Thomas},
	journal={Nature Geoscience},
	volume={11},
	number={4},
	pages={258--262},
	year={2018},
	publisher={Nature Publishing Group}
}
@article{cheng2019full,
	title={A full Stokes subgrid model for simulation of grounding line migration in ice sheets},
	author={Cheng, Gong and L{\"o}tstedt, Per and von Sydow, Lina},
	journal={arXiv preprint arXiv:1908.10751},
	year={2019}
}
@article{glen1958flow,
	title={The flow law of ice: A discussion of the assumptions made in glacier theory, their experimental foundations and consequences},
	author={Glen, JW},
	journal={IASH Publ},
	volume={47},
	number={171},
	pages={e183},
	year={1958}
}
@article{hutter1982mathematical,
	title={A mathematical model of polythermal glaciers and ice sheets},
	author={Hutter, Kolumban},
	journal={Geophysical \& Astrophysical Fluid Dynamics},
	volume={21},
	number={3-4},
	pages={201--224},
	year={1982},
	publisher={Taylor \& Francis}
}
@article{macayeal1989large,
	title={Large-scale ice flow over a viscous basal sediment: Theory and application to ice stream B, Antarctica},
	author={MacAyeal, Douglas R},
	journal={Journal of Geophysical Research: Solid Earth},
	volume={94},
	number={B4},
	pages={4071--4087},
	year={1989},
	publisher={Wiley Online Library}
}
@article{friedl2020remote,
	title={Remote sensing of glacier and ice sheet grounding lines: A review},
	author={Friedl, Peter and Weiser, Frank and Fluhrer, Anke and Braun, Matthias H},
	journal={Earth-Science Reviews},
	volume={201},
	pages={102948},
	year={2020},
	publisher={Elsevier}
}
@report{Dainche2022,
	abstract = {In response to global warming, ice sheets are losing mass. This has consequences on the sea level rise, but also on the climate system as a whole through different phenomena. It is why it is necessary to study them. This project's aim is to perform and analyse numerical simulations using the finite element model of ice flows Elmer/Ice. The impact on the flow of variations of different parameters such as the height, slope, friction, spatial resolution and sea level will be studied through an idealised topography, as well as the numerical convergence of the system. 2},
	author = {Erwan Dainche},
	title = {Numerical Experiments of Glacial Inceptions in Northern Europe},
	year = {2022},
}
